<record><leader>00000cas a22000007a 4500</leader><controlfield tag="001">14509399</controlfield><controlfield tag="008">861023d192319uutxudn ne      0    0eng d</controlfield><datafield ind1=" " ind2=" " tag="010"><subfield code="a">sn 86089680 </subfield></datafield><datafield ind1=" " ind2=" " tag="040"><subfield code="a">PPM</subfield><subfield code="b">eng</subfield><subfield code="c">PPM</subfield><subfield code="d">OCLCQ</subfield></datafield><datafield ind1=" " ind2=" " tag="042"><subfield code="a">msc</subfield></datafield><datafield ind1="0" ind2="4" tag="245"><subfield code="a">The Longview daily news.</subfield></datafield><datafield ind1=" " ind2=" " tag="260"><subfield code="a">Longview, Tex. :</subfield><subfield code="b">Longview News Co.</subfield></datafield><datafield ind1=" " ind2=" " tag="300"><subfield code="a">v. :</subfield><subfield code="b">ill. ;</subfield><subfield code="c">57 cm.</subfield></datafield><datafield ind1=" " ind2=" " tag="310"><subfield code="a">Daily (except Sat.)</subfield></datafield><datafield ind1="1" ind2=" " tag="362"><subfield code="a">Began in 1923.</subfield><subfield code="z">Cf. Ayers, 1985.</subfield></datafield><datafield ind1=" " ind2=" " tag="580"><subfield code="a">Weekly ed. called: The Longview Sunday news-journal.</subfield></datafield><datafield ind1=" " ind2=" " tag="580"><subfield code="a">Morning ed.: Longview morning journal.</subfield></datafield><datafield ind1=" " ind2=" " tag="588"><subfield code="a">Description based on: Vol. 10, no. 66 (July 1, 1932).</subfield></datafield><datafield ind1=" " ind2=" " tag="752"><subfield code="a">United States</subfield><subfield code="b">Texas</subfield><subfield code="c">Gregg</subfield><subfield code="d">Longview.</subfield></datafield><datafield ind1="1" ind2=" " tag="775"><subfield code="t">Longview Sunday news-journal</subfield></datafield><datafield ind1="1" ind2=" " tag="775"><subfield code="t">Longview morning journal</subfield></datafield><datafield ind1="0" ind2="0" tag="785"><subfield code="t">Longview news</subfield></datafield></record>